@misc{narasimha2017data,
	title={Data Structures And Algorithms Made Easy},
	author={Karumanchi, Narasimha},
	year={2017},
	publisher={Career Monk}
}
